%% Introduction

@online{un2009urbanRural,
  author = {{United Nations}},
  title = {Urban and Rural Areas 2009},
  year = 2009,
  url = {http://www.un.org/en/development/desa/population/publications/urbanization/urban-rural.shtml},
  urldate = {2015-12-13}
}

@article{sanchez2014smartsantander,
  title={SmartSantander: IoT experimentation over a smart city testbed},
  author={Sanchez, Luis and Mu{\~n}oz, Luis and Galache, Jose Antonio and Sotres, Pablo and Santana, Juan R and Gutierrez, Veronica and Ramdhany, Rajiv and Gluhak, Alex and Krco, Srdjan and Theodoridis, Evangelos and others},
  journal={Computer Networks},
  volume={61},
  pages={217--238},
  year={2014},
  publisher={Elsevier}
}

@book{barcelo2010fundamentals,
  title={Fundamentals of traffic simulation},
  author={Barcel{\'o}, Jaume and others},
  volume={145},
  year={2010},
  publisher={Springer}
}

@article{nitti2017iot,
  title={IoT Architecture for a Sustainable Tourism Application in a Smart City Environment},
  author={Nitti, Michele and Pilloni, Virginia and Giusto, Daniele and Popescu, Vlad},
  journal={Mobile Information Systems},
  volume={2017},
  year={2017},
  publisher={Hindawi Publishing Corporation}
}

@article{caragliu2011smart,
  title={Smart cities in Europe},
  author={Caragliu, Andrea and Del Bo, Chiara and Nijkamp, Peter},
  journal={Journal of urban technology},
  volume={18},
  number={2},
  pages={65--82},
  year={2011},
  publisher={Taylor \& Francis}
}

@ARTICLE{zanella2014iotforsc, 
author={Zanella, Andrea and Bui, Nicola and Castellani, Angelo and Vangelista, Lorenzo and Zorzi, Michele}, 
journal={Internet of Things Journal, IEEE}, 
title={Internet of Things for Smart Cities}, 
year={2014}, 
month={Feb}, 
volume={1}, 
number={1}, 
pages={22-32},
ISSN={2327-4662}
}


%% Revisão

@article{xia2005modelling,
  title={Modelling of traffic flow and air pollution emission with application to Hong Kong Island},
  author={Xia, Liping and Shao, Yaping},
  journal={Environmental Modelling \& Software},
  volume={20},
  number={9},
  pages={1175--1188},
  year={2005},
  publisher={Elsevier}
}

@article{hulsmann2014modelling,
  title={Modelling traffic and air pollution in an integrated approach--the case of Munich},
  author={H{\"u}lsmann, Friederike and Gerike, Regine and Ketzel, Matthias},
  journal={Urban Climate},
  volume={10},
  pages={732--744},
  year={2014},
  publisher={Elsevier}
}

@article{krajzewicz2012recent,
  title={Recent development and applications of SUMO-Simulation of Urban MObility},
  author={Krajzewicz, Daniel and Erdmann, Jakob and Behrisch, Michael and Bieker, Laura},
  journal={International Journal On Advances in Systems and Measurements},
  volume={5},
  number={3\&4},
  year={2012},
  publisher={Citeseer}
}

@techreport{giffinger2007smart,
  title={Smart cities-Ranking of European medium-sized cities},
  author={Giffinger, Rudolf and Fertner, Christian and Kramar, Hans and Kalasek, Robert and Pichler-Milanovic, Nata{\v{s}}a and Meijers, Evert},
  year={2007},
  institution={Vienna University of Technology}
}

@article{guan2012smart,
  title={Smart Steps To A Battery City},
  author={Guan, L},
  journal={Government News},
  volume={32},
  number={2},
  pages={24--27},
  year={2012}
}

@article{dameri2013searching,
  title={Searching for Smart City definition: a comprehensive proposal},
  author={Dameri, Renata Paola},
  journal={International Journal of Computers \& Technology},
  volume={11},
  number={5},
  pages={2544--2551},
  year={2013}
}

@article{harrison2010foundations,
  title={Foundations for smarter cities},
  author={Harrison, Colin and Eckman, Barbara and Hamilton, Rick and Hartswick, Perry and Kalagnanam, Jayant and Paraszczak, Jurij and Williams, Peter},
  journal={IBM Journal of Research and Development},
  volume={54},
  number={4},
  pages={1--16},
  year={2010},
  publisher={IBM}
}

@article{hall2000creative,
  title={Creative cities and economic development},
  author={Hall, Peter and others},
  journal={Urban studies},
  volume={37},
  number={4},
  pages={639--649},
  year={2000}
}

@article{washburn2009helping,
  title={Helping CIOs understand “smart city” initiatives},
  author={Washburn, Doug and Sindhu, Usman and Balaouras, S and Dines, RA and Hayes, N and Nelson, LE},
  journal={Growth},
  volume={17},
  pages={2},
  year={2009}
}

@incollection{munoz2011forefront,
	year="2011",
	volume="6656",
	doi="10.1007/978-3-642-20898-0_32",
	title="Smart Cities at the Forefront of the Future Internet",
	url="http://dx.doi.org/10.1007/978-3-642-20898-0_32",
	author="Hernández-Mu{\~n}oz, José M. and Vercher, Jesús Bernat and Mu{\~n}oz, Luis and Galache, José A. and Presser, Mirko and Hernández Gómez, Luis A. and Pettersson, Jan",
	pages="447-462",
}

@article{papa2013towards,
  title={Towards an urban planners’ perspective on smart city},
  author={Papa, Rocco and Gargiulo, Carmela and Galderisi, Adriana},
  journal={TeMA Journal of Land Use, Mobility and Environment},
  volume={6},
  number={01},
  pages={5--17},
  year={2013},
  publisher={Universit{\`a} degli studi di Napoli Federico II, Dipartimento di Pianificazione e Scienza del Territorio DiPiST}
}

@inproceedings{tasharofi2013scala,
  title={Why do Scala developers mix the actor model with other concurrency models?},
  author={Tasharofi, Samira and Dinges, Peter and Johnson, Ralph E},
  booktitle={European Conference on Object-Oriented Programming},
  pages={302--326},
  year={2013},
  organization={Springer}
}

@techreport{agha1985actors,
  title={Actors: A model of concurrent computation in distributed systems.},
  author={Agha, Gul A},
  year={1985},
  institution={Massachusetts Institute of Technology - Artificial Intelligente LaboratoryB}
}

@book{anderson2010couchdb,
  title={CouchDB: the definitive guide},
  author={Anderson, J Chris and Lehnardt, Jan and Slater, Noah},
  year={2010},
  publisher={" O'Reilly Media, Inc."}
}

@inproceedings{song2011performance,
  title={Performance evaluation of integrated smart energy solutions through large-scale simulations},
  author={Song, Terence and Kaleshi, Dritan and Zhou, Ran and Boudeville, Olivier and Ma, Jing-Xuan and Pelletier, Aude and Haddadi, Idir},
  booktitle={Smart Grid Communications (SmartGridComm), 2011 IEEE International Conference on},
  pages={37--42},
  year={2011},
  organization={IEEE}
}

@inproceedings{toscano2012parallel,
  title={Parallel discrete event simulation with Erlang},
  author={Toscano, Luca and D'Angelo, Gabriele and Marzolla, Moreno},
  booktitle={Proceedings of the 1st ACM SIGPLAN workshop on Functional high-performance computing},
  pages={83--92},
  year={2012},
  organization={ACM}
}

@phdthesis{de2014dealing,
  title={Dealing with actor runtime environments on hierarchical shared memory multi-core platforms},
  author={de Camargo Francesquini, Emilio},
  year={2014},
  school={University of S{\~a}o Paulo}
}

@article{manville2014mapping,
  title={Mapping smart cities in the EU},
  author={Manville, Catriona and Cochrane, Gavin and Cave, Jonathan and Millard, Jeremy and Pederson, Jeremy Kevin and Thaarup, Rasmus K{\aa}re and Liebe, Andrea and Wissner, Matthias and Massink, Roel and Kotterink, Bas},
  year={2014},
  publisher={European Union}
}

@article{liu2013smart,
  title={Smart cities in China},
  author={Liu, Pu and Peng, Zhenghong},
  journal={IEEE Computer Society},
  volume={16},
  year={2013},
  publisher={IEEE computer Society Digital Library, Wuhan University Wuhan}
}

@inproceedings{fortes2014deployment,
  title={Deployment of smart metering in the B{\'u}zios City},
  author={Fortes, MZ and Ferreira, VH and Sotelo, GG and Cabral, AS and Correia, WF and Pacheco, OLC},
  booktitle={Transmission \& Distribution Conference and Exposition-Latin America (PES T\&D-LA), 2014 IEEE PES},
  pages={1--6},
  year={2014},
  organization={IEEE}
}

@article{kshetri2014development,
  title={Development of a Smart City and its Adoption and Acceptance: the Case of New Songdo},
  author={Kshetri, Nir and Alcantara, Lailani L and Park, Yonghoon},
  journal={Communications \& Strategies},
  number={96},
  pages={113},
  year={2014}
}

@article{janajreh2013wind,
  title={Wind energy assessment: Masdar City case study},
  author={Janajreh, Isam and Su, Liu and Alan, Fathi},
  journal={Renewable energy},
  volume={52},
  pages={8--15},
  year={2013},
  publisher={Elsevier}
}

@inproceedings{vlahogianni2014exploiting,
  title={Exploiting new sensor technologies for real-time parking prediction in urban areas},
  author={Vlahogianni, Eleni I and Kepaptsoglou, Kostanstinos and Tsetsos, Vassileios and Karlaftis, Matthew G},
  booktitle={Transportation Research Board 93rd Annual Meeting Compendium of Papers},
  pages={14--1673},
  year={2014}
}

@inproceedings{Foell2014urbanbus,
 author = {Foell, Stefan and Kortuem, Gerd and Rawassizadeh, Reza and Handte, Marcus and Iqbal, Umer and Marr\'{o}n, Pedro},
 title = {Micro-navigation for Urban Bus Passengers: Using the Internet of Things to Improve the Public Transport Experience},
 booktitle = {Proceedings of the First International Conference on IoT in Urban Space},
 series = {URB-IOT '14},
 year = {2014},
 isbn = {978-1-63190-037-2},
 location = {Rome, Italy},
 pages = {1--6},
 numpages = {6},
 url = {http://dx.doi.org/10.4108/icst.urb-iot.2014.257373},
 doi = {10.4108/icst.urb-iot.2014.257373},
 acmid = {2694770},
 publisher = {ICST (Institute for Computer Sciences, Social-Informatics and Telecommunications Engineering)},
 address = {ICST, Brussels, Belgium, Belgium},
 keywords = {bus navigation, public transport, smartphone application},
} 


@inproceedings{handte2014crowd,
  title={Crowd Density Estimation for Public Transport Vehicles.},
  author={Handte, Marcus and Iqbal, Muhammad Umer and Wagner, Stephan and Apolinarski, Wolfgang and Marr{\'o}n, Pedro Jos{\'e} and Navarro, Eva Maria Mu{\~n}oz and Martinez, Santiago and Barthelemy, Sara Izquierdo and Fern{\'a}ndez, Mario Gonz{\'a}lez},
  booktitle={EDBT/ICDT Workshops},
  pages={315--322},
  year={2014}
}

@inproceedings{alawadhi2013aspirations,
  title={Aspirations and realizations: The smart city of Seattle},
  author={AlAwadhi, Suha and Scholl, Hans Jochen},
  booktitle={System Sciences (HICSS), 2013 46th Hawaii International Conference on},
  pages={1695--1703},
  year={2013},
  organization={IEEE}
}

@inproceedings{stephenson2012open,
  title={Open Innovation Portal: A collaborative platform for open city data sharing},
  author={Stephenson, Martin and Di Lorenzo, Giusy and Aonghusa, Pol Mac},
  booktitle={Pervasive Computing and Communications Workshops (PERCOM Workshops), 2012 IEEE International Conference on},
  pages={522--524},
  year={2012},
  organization={IEEE}
}

@Article{munoz2017santanderlixo,
AUTHOR = {Díaz-Díaz, Raimundo and Muñoz, Luis and Pérez-González, Daniel},
TITLE = {The Business Model Evaluation Tool for Smart Cities: Application to SmartSantander Use Cases},
JOURNAL = {Energies},
VOLUME = {10},
YEAR = {2017},
NUMBER = {3},
URL = {http://www.mdpi.com/1996-1073/10/3/262},
ISSN = {1996-1073}
}

@article{hug2016barcelona,
author = {Hug March and Ramon Ribera-Fumaz},
title = {Smart contradictions: The politics of making Barcelona a Self-sufficient city},
journal = {European Urban and Regional Studies},
volume = {23},
number = {4},
pages = {816-830},
year = {2016}
}

@INPROCEEDINGS{wolff2015education, 
author={A. Wolff and G. Kortuem and J. Cavero}, 
booktitle={2015 Sustainable Internet and ICT for Sustainability (SustainIT)}, 
title={Towards smart city education}, 
year={2015}, 
pages={1-3}, 
month={April}
}

@article{pereira2015citysdk,
  title={CitySDK Tourism API-building value around open data},
  author={Pereira, Ricardo Lopes and Sousa, Pedro Cruz and Barata, Ricardo and Oliveira, Andr{\'e} and Monsieur, Geert},
  journal={Journal of Internet Services and Applications},
  volume={6},
  number={1},
  pages={1--13},
  year={2015},
  publisher={Springer}
}

@misc{thornton13windygrid,
  author =       "Sean Thornton",
  year =         "2013",
  month 	= mar,
  title =        "Chicago’s WindyGrid: Taking Situational Awareness to a New Level",
  lastaccessed = "February 20, 2015",
  url =          "http://datasmart.ash.harvard.edu/news/article/chicagos-windygrid-taking-situational-awareness-to-a-new-level-259",
  howpublished = "",
}

@article{bakici2013smart,
  title={A smart city initiative: the case of Barcelona},
  author={Bak{\i}c{\i}, Tuba and Almirall, Esteve and Wareham, Jonathan},
  journal={Journal of the Knowledge Economy},
  volume={4},
  number={2},
  pages={135--148},
  year={2013},
  publisher={Springer}
}

@inproceedings{allan2015benchmark,
  title={A benchmark analysis of open source transportation-electrification simulation tools},
  author={Allan, Deema Fathi and Farid, Amro M},
  booktitle={Intelligent Transportation Systems (ITSC), 2015 IEEE 18th International Conference on},
  pages={1202--1208},
  year={2015},
  organization={IEEE}
}

@article{stolfi2014red,
  title={Red Swarm: Reducing travel times in smart cities by using bio-inspired algorithms},
  author={Stolfi, Daniel H and Alba, Enrique},
  journal={Applied Soft Computing},
  volume={24},
  pages={181--195},
  year={2014},
  publisher={Elsevier}
}


%%% Requisitos

@article{khan2016accurately,
  title={Accurately Estimating Origin/Destination Matrices in Situations with Limited Traffic Counts: Case Study Huntsville, AL},
  author={Khan, Tahmina and Anderson, Michael},
  journal={International Journal of Traffic and Transportation Engineering},
  volume={5},
  number={3},
  pages={64--72},
  year={2016},
  publisher={Scientific \& Academic Publishing}
}

@article{ros2014survey,
  title={A survey on modeling and simulation of vehicular networks: Communications, mobility, and tools},
  author={Ros, Francisco J and Martinez, Juan A and Ruiz, Pedro M},
  journal={Computer Communications},
  volume={43},
  pages={1--15},
  year={2014},
  publisher={Elsevier}
}

%%% InterSCSimulator

@inproceedings{jamil2014crowdsensing,
  title={Crowdsensing traces using bluetooth low energy (BLE) proximity tags},
  author={Jamil, Shuja and Basalamah, Anas and Lbath, Ahmed},
  booktitle={Proceedings of the 2014 ACM International Joint Conference on Pervasive and Ubiquitous Computing: Adjunct Publication},
  pages={71--74},
  year={2014},
  organization={ACM}
}

@inproceedings{behrisch2011sumo,
  title={SUMO--simulation of urban mobility: an overview},
  author={Behrisch, Michael and Bieker, Laura and Erdmann, Jakob and Krajzewicz, Daniel},
  booktitle={Proceedings of SIMUL 2011, The Third International Conference on Advances in System Simulation},
  year={2011},
  organization={ThinkMind}
}



@article{song2017gpusimulation,
  title = "Supporting real-world network-oriented mesoscopic traffic simulation on GPU",
  journal = "Simulation Modelling Practice and Theory ",
  volume = "74",
  number = "",
  pages = "46 - 63",
  year = "2017",
  issn = "1569-190X",
  author = "Xiao Song and Ziping Xie and Yan Xu and Gary Tan and Wenjie Tang and Jing Bi and Xiaosong Li"
}


%% Relacionados

@inproceedings{picone2012simulating,
  title={Simulating smart cities with DEUS},
  author={Picone, Marco and Amoretti, Michele and Zanichelli, Francesco},
  booktitle={Proceedings of the 5th International ICST Conference on Simulation Tools and Techniques},
  pages={172--177},
  year={2012},
  organization={ICST (Institute for Computer Sciences, Social-Informatics and Telecommunications Engineering)}
}


@article{darus2013congestion,
  title={Congestion control algorithm in VANETs},
  author={Darus, Mohamad Yusof and Bakar, Kamalrulnizam Abu},
  journal={World Applied Sciences Journal},
  volume={21},
  number={7},
  pages={1057--1061},
  year={2013}
}

@article{horni2016multi,
  title={The multi-agent transport simulation MATSim},
  author={Horni, Andreas and Nagel, Kai and Axhausen, Kay W},
  journal={Ubiquity, London},
  volume={9},
  year={2016}
}

@article{balac2018modeling,
  title={Modeling competing free-floating carsharing operators: A case study for Zurich, Switzerland},
  author={Bala{\'c}, Milos and Becker, Henrik and Ciari, Francesco and Axhausen, Kay W},
  journal={Transportation Research Part C: Emerging Technologies},
  year={2018},
  publisher={Elsevier}
}

@article{bischoff2016simulation,
  title={Simulation of city-wide replacement of private cars with autonomous taxis in Berlin},
  author={Bischoff, Joschka and Maciejewski, Michal},
  journal={Procedia computer science},
  volume={83},
  pages={237--244},
  year={2016},
  publisher={Elsevier}
}

@article{fourie2014reconstructing,
  title={Reconstructing bus vehicle trajectories from transit smart-card data},
  author={Fourie, Pieter J},
  journal={Singapore ETH Centre, Future Cities Laboratory Working paper},
  volume={986},
  year={2014}
}

@inproceedings{burghout2006discrete,
  title={A discrete-event mesoscopic traffic simulation model for hybrid traffic simulation},
  author={Burghout, Wilco and Koutsopoulos, Haris N and Andreasson, Ingmar},
  booktitle={Intelligent Transportation Systems Conference, 2006. ITSC'06. IEEE},
  pages={1102--1107},
  year={2006},
  organization={IEEE}
}

@book{balmer2008agent,
  title={Agent-based simulation of travel demand: Structure and computational performance of MATSim-T},
  author={Balmer, Michael and Meister, K and Nagel, K},
  year={2008},
  publisher={ETH, Eidgen{\"o}ssische Technische Hochschule Z{\"u}rich, IVT Institut f{\"u}r Verkehrsplanung und Transportsysteme}
}

@techreport{kickhofer2016creating,
  title={Creating an open MATSim scenario from open data: The case of Santiago de Chile},
  author={Kickhofer, Benjamin and Hosse, Daniel and Turnera, Kai and Tirachinic, Alejandro},
  year={2016},
  institution={Technical report, VSP Working Paper 16-02}
}

@inproceedings{nazario2014toward,
  title={Toward assessing quality of context parameters in a ubiquitous assisted environment},
  author={Naz{\'a}rio, D{\'e}bora Cabral and Tromel, Igor Vilas Boas and Dantas, M{\'a}rio Ant{\^o}nio Ribeiro and Todesco, Jos{\'e} Leomar},
  booktitle={Computers and Communication (ISCC), 2014 IEEE Symposium on},
  pages={1--6},
  year={2014},
  organization={IEEE}
}

@inproceedings{fernandez2015model,
  title={A Model-Driven Engineering Process for Agent-based Traffic Simulations.},
  author={Fern{\'a}ndez-Isabel, Alberto and Fuentes-Fern{\'a}ndez, Rub{\'e}n},
  booktitle={SIMULTECH},
  pages={418--427},
  year={2015}
}

@article{ursachi2014smart,
  title={Smart grid simulator},
  author={Ursachi, Andrei and Bordeasu, Dorin},
  journal={International Journal of Civil, Architectural, Structural and Construction Engineering},
  volume={8},
  pages={519--522},
  year={2014}
}

@inproceedings{karnouskos2009simulation,
  title={Simulation of a smart grid city with software agents},
  author={Karnouskos, Stamatis and De Holanda, Thiago Nass},
  booktitle={Computer Modeling and Simulation, 2009. EMS'09. Third UKSim European Symposium on},
  pages={424--429},
  year={2009},
  organization={IEEE}
}

@article{waddell2003microsimulation,
  title={Microsimulation of urban development and location choices: Design and implementation of UrbanSim},
  author={Waddell, Paul and Borning, Alan and Noth, Michael and Freier, Nathan and Becke, Michael and Ulfarsson, Gudmundur},
  journal={Networks and Spatial Economics},
  volume={3},
  number={1},
  pages={43--67},
  year={2003},
  publisher={Springer}
}

@article{zhou2014dtalite,
  title={DTALite: A queue-based mesoscopic traffic simulator for fast model evaluation and calibration},
  author={Zhou, Xuesong and Taylor, Jeffrey},
  journal={Cogent Engineering},
  volume={1},
  number={1},
  pages={961345},
  year={2014},
  publisher={Taylor \& Francis}
}

@article{zhou2015integrating,
  title={Integrating a simplified emission estimation model and mesoscopic dynamic traffic simulator to efficiently evaluate emission impacts of traffic management strategies},
  author={Zhou, Xuesong and Tanvir, Shams and Lei, Hao and Taylor, Jeffrey and Liu, Bin and Rouphail, Nagui M and Frey, H Christopher},
  journal={Transportation Research Part D: Transport and Environment},
  volume={37},
  pages={123--136},
  year={2015},
  publisher={Elsevier}
}

@article{anagnostopoulos2017challenges,
  title={Challenges and Opportunities of Waste Management in IoT-enabled Smart Cities: A Survey},
  author={Anagnostopoulos, Theodoros and Zaslavsky, Arkady and Kolomvatsos, Kostas and Medvedev, Alexey and Amirian, Pouria and Morley, Jeremy and Hadjiefthymiades, Stathes},
  journal={IEEE Transactions on Sustainable Computing},
  year={2017},
  publisher={IEEE}
}

@inproceedings{geske2010modeling,
  title={Modeling and simulation of electric car penetration in the distribution power system—Case study},
  author={Geske, Martin and Komarnicki, Przemyslaw and St{\"o}tzer, Martin and Styczynski, Zbigniew A},
  booktitle={Modern Electric Power Systems (MEPS), 2010 Proceedings of the International Symposium},
  pages={1--6},
  year={2010},
  organization={IEEE}
}

@article{delinterscity,
  title={InterSCity: A Scalable Microservice-based Open Source Platform for Smart Cities},
  booktitle={6th International Conference on Smart Cities and Green ICT Systems (SMARTGREENS)},
  author={Del Esposte, Arthur de M and Kon, Fabio and Costa, Fabio M and Lago, Nelson},
  year={2017}
}

@inproceedings{mehdi2014cupcarbon,
  title={Cupcarbon: A multi-agent and discrete event wireless sensor network design and simulation tool},
  author={Mehdi, Kamal and Lounis, Massinissa and Bounceur, Ahc{\`e}ne and Kechadi, Tahar},
  booktitle={Proceedings of the 7th International ICST Conference on Simulation Tools and Techniques},
  pages={126--131},
  year={2014},
  organization={ICST (Institute for Computer Sciences, Social-Informatics and Telecommunications Engineering)}
}

@incollection{chen2005sense,
  title={SENSE: a wireless sensor network simulator},
  author={Chen, Gilbert and Branch, Joel and Pflug, Michael and Zhu, Lijuan and Szymanski, Boleslaw},
  booktitle={Advances in pervasive computing and networking},
  pages={249--267},
  year={2005},
  publisher={Springer}
}

@inproceedings{polley2004atemu,
  title={ATEMU: a fine-grained sensor network simulator},
  author={Polley, Jonathan and Blazakis, Dionysus and McGee, Jonathan and Rusk, Daniel and Baras, John S},
  booktitle={Sensor and Ad Hoc Communications and Networks, 2004. IEEE SECON 2004. 2004 First Annual IEEE Communications Society Conference on},
  pages={145--152},
  year={2004},
  organization={IEEE}
}

@techreport{buck2017calibrating,
  title={Calibrating Vissim to Analyze Delay at Signalized Intersections},
  author={Buck, H Sebastian and Mallig, Nicolai and Vortisch, Peter},
  year={2017}
}

@article{leyn2015calibrating,
  title={Calibrating Vissim for the German Highway Capacity Manual},
  author={Leyn, Ulrike and Vortisch, Peter},
  journal={Transportation Research Record: Journal of the Transportation Research Board},
  number={2483},
  pages={74--79},
  year={2015},
  publisher={Transportation Research Board of the National Academies}
}






@article{sargent2013verification,
  title={Verification and validation of simulation models},
  author={Sargent, Robert G},
  journal={Journal of simulation},
  volume={7},
  number={1},
  pages={12--24},
  year={2013},
  publisher={Springer}
}


@inproceedings{aronis2017shared,
  title={The shared-memory interferences of Erlang/OTP built-ins},
  author={Aronis, Stavros and Sagonas, Konstantinos},
  booktitle={ERLANG 2017},
  year={2017},
  organization={Association for Computing Machinery (ACM)}
}

@article{zyrianoff2017sense,
  title={SenSE--Sensor Simulation Environment: Uma ferramenta para gera{\c{c}}{\~a}o de tr{\'a}fego IoT em larga escala},
  author={Zyrianoff, Ivan and Borelli, Fabrizio and Kamienski, Carlos},
  booktitle={Salão de Ferramentas-Simpósio Brasileiro de Redes de Computadores e Sistemas Distribuídos (SBRC)},
  year={2017}
}

@inproceedings{riebl2015artery,
  title={Artery: Extending Veins for VANET applications},
  author={Riebl, Raphael and G{\"u}nther, Hendrik-J{\"o}rn and Facchi, Christian and Wolf, Lars},
  booktitle={Models and Technologies for Intelligent Transportation Systems (MT-ITS), 2015 International Conference on},
  pages={450--456},
  year={2015},
  organization={IEEE}
}

@article{azevedo2016jade,
  title={JADE, TraSMAPI and SUMO: A tool-chain for simulating traffic light control},
  author={Azevedo, Tiago and De Ara{\'u}jo, Paulo JM and Rossetti, Rosaldo JF and Rocha, Ana Paula C},
  journal={arXiv preprint arXiv:1601.08154},
  year={2016}
}

@article{codeca2017luxembourg,
  title={Luxembourg SUMO Traffic (LuST) Scenario: Traffic Demand Evaluation},
  author={Codeca, Lara and Frank, Raphael and Faye, S{\'e}bastien and Engel, Thomas},
  journal={IEEE Intelligent Transportation Systems Magazine},
  volume={9},
  number={2},
  pages={52--63},
  year={2017},
  publisher={IEEE}
}

@article{uppoor2014generation,
  title={Generation and analysis of a large-scale urban vehicular mobility dataset},
  author={Uppoor, Sandesh and Trullols-Cruces, Oscar and Fiore, Marco and Barcelo-Ordinas, Jose M},
  journal={IEEE Transactions on Mobile Computing},
  volume={13},
  number={5},
  pages={1061--1075},
  year={2014},
  publisher={IEEE}
}

@inproceedings{macedo2013hla,
  title={A HLA-based multi-resolution approach to simulating electric vehicles in simulink and SUMO},
  author={Macedo, Jose and Kokkinogenis, Zafeiris and Soares, Guilherme and Perrotta, Deborah and Rossetti, Rosaldo JF},
  booktitle={Intelligent Transportation Systems-(ITSC), 2013 16th International IEEE Conference on},
  pages={2367--2372},
  year={2013},
  organization={IEEE}
}

@inproceedings{buse2018bridging,
  title={Bridging worlds: Integrating hardware-in-the-loop testing with large-scale VANET simulation},
  author={Buse, Dominik S and Schettler, Max and Kothe, Nils and Reinold, Peter and Sommer, Christoph and Dressler, Falko},
  booktitle={Wireless On-demand Network Systems and Services (WONS), 2018 14th Annual Conference on},
  pages={33--36},
  year={2018},
  organization={IEEE}
}

@inproceedings{sagaama2018proposal,
  title={Proposal of More Accurate Energy Model of Electric Vehicle For SUMO},
  author={Sagaama, Insaf and Kchiche, Amine and Trojet, Wassim and Kamoun, Farouk},
  booktitle={2018 14th International Wireless Communications \& Mobile Computing Conference (IWCMC)},
  pages={464--469},
  year={2018},
  organization={IEEE}
}

@inproceedings{tettamanti2018vehicle,
  title={Vehicle-In-the-Loop Test Environment for Autonomous Driving with Microscopic Traffic Simulation},
  author={Tettamanti, Tam{\'a}s and Szalai, M{\'a}ty{\'a}s and Vass, S{\'a}ndor and Tihanyi, Viktor},
  booktitle={2018 IEEE International Conference on Vehicular Electronics and Safety (ICVES)},
  pages={1--6},
  year={2018},
  organization={IEEE}
}

@inproceedings{garzon2018hybrid,
  title={An hybrid simulation tool for autonomous cars in very high traffic scenarios},
  author={Garz{\'o}n, Mario and Spalanzani, Anne},
  booktitle={15 th International Conference on Control, Automation, Robotics and Vision (ICARCV 2018)},
  year={2018}
}

@article{aslam2018flexible,
  title={A Flexible TDMA Overlay Protocol for Vehicles Platooning},
  author={Aslam, Aqsa and Almeida, Luis and Santos, Frederico},
  journal={Communication Technologies for Vehicles},
  pages={169},
  year={2018},
  publisher={Springer}
}

@article{merkel2014docker,
  title={Docker: lightweight linux containers for consistent development and deployment},
  author={Merkel, Dirk},
  journal={Linux Journal},
  volume={2014},
  number={239},
  pages={2},
  year={2014},
  publisher={Belltown Media}
}


@article{kumar2017evaluation,
  title={Evaluation of Different Traffic Models for NAD Junction (Visakhapatnam) Using PTV-VISSIM Simulation Software},
  author={Kumar, Y Tarun and Naidu, V Mahalakshmi and Prasad, CSRK},
  journal={Journal of Transportation Systems},
  volume={2},
  number={2, 3},
  year={2017}
}


@inproceedings{du2018research,
  title={Research on the arterial coordination control of road intersections in port areas based on vissim simulation},
  author={Du, Xiaojing and Sun, Dongshi},
  booktitle={2018 Chinese Control And Decision Conference (CCDC)},
  pages={5744--5747},
  year={2018},
  organization={IEEE}
}

@article{bai2018traffic,
  title={Traffic Signal Coordination for Tramlines with Passive Priority Strategy},
  author={Bai, Yun and Li, Jiajie and Li, Tang and Yang, Lingling and Lyu, Chenxi},
  journal={Mathematical Problems in Engineering},
  volume={2018},
  year={2018},
  publisher={Hindawi}
}

@inproceedings{yan2018study,
  title={A Study of Bidirectional Green Wave Control Based on Random Optimal Graphical Method},
  author={Yan, Jiaqing and Shao, Peng and Chen, Qi and Zhang, Ming and Li, Zhanying and Wang, Li},
  booktitle={2018 IEEE 7th Data Driven Control and Learning Systems Conference (DDCLS)},
  pages={1180--1184},
  year={2018},
  organization={IEEE}
}

@article{sider2014evaluating,
  title={Evaluating vehicular emissions with an integrated mesoscopic and microscopic traffic simulation},
  author={Sider, Timothy MN and Alam, Ahsan and Farrell, William and Hatzopoulou, Marianne and Eluru, Naveen},
  journal={Canadian Journal of Civil Engineering},
  volume={41},
  number={10},
  pages={856--868},
  year={2014},
  publisher={NRC Research Press}
}

@inproceedings{montero2018barcelona,
  title={Barcelona Virtual Mobility Lab: the multimodal transport simulation testbed for emerging mobility concepts evaluation},
  author={Montero Mercad{\'e}, L{\'i}dia and Linares Herreros, M and Salmeron Moya, Juan and Recio, Gonzalo and Lorente, Ester and V{\'a}zquez, Juan Jos{\'e}},
  booktitle={Tenth International Conference on Adaptive and Self-Adaptive Systems and Applications},
  pages={107--110},
  year={2018},
  organization={International Academy, Research, and Industry Association (IARIA)}
}